%%
%% Arquivo de referências bibliográficas.
%%

@misc{NEWZOO,
        title = "Newzoo",
        author={{Newzoo}},
        howpublished={newzoo: \url{https://newzoo.com/resources/trend-reports/newzoo-global-games-market-report-2023-free-version}},
        year="2023"
}

@misc{PGB,
        title = "[PGB] - Pesquisa Game Brasil",
        author={{[PGB] - Pesquisa Game Brasil}},
        howpublished={pbg: \url{https://www.pesquisagamebrasil.com.br/pt/}},
        year="2024"
}


@misc{Abragames,
    title = "Abragames",
    author= "Startups",
    howpublished={pbg: \url{https://startups.com.br/games/com-aporte-do-google-rockhead-quer-continuar-expansao/}},
    year="2024"
}

@article{LabES,
 title = {{Using Extension Projects to Improve Software Engineering Education and Software Quality: The Experience of the “Ricardo de Almeida Falbo” Software Engineering Practices Laboratory. In Proceedings of XXIII Brazilian Symposium on Software Quality (SBQS’24). ACM, New York, NY, USA, 11 pages. No Prelo.}},
 author = {Monalessa P. Barcellos, Vítor E. Silva Souza, Patrícia Dockhorn Costa, and Camila Zacché de Aguiar.},
 journal = {SBQS 24},
 pages = {11},
 year = {2024}
}

@misc{PyTMX,
    title = "PyTMX",
    author= "PyTMX",
    howpublished={pbg: \url{https://pytmx.readthedocs.io/en/latest/}},
    year="2024"
}

@misc{Pygame-ce,
    title = "Pygame-ce",
    author= "Pygame-ce",
    howpublished={pbg: \url{https://pyga.me}},
    year="2024"
}

@misc{Tiled,
    title = "Tiled",
    author= "Tiled",
    howpublished={pbg: \url{https://doc.mapeditor.org/en/stable/manual/introduction/}},
    year="2024"
}

@misc{Aseprite,
    title = "Aseprite",
    author= "Aseprite",
    howpublished={pbg: \url{https://www.aseprite.org/docs/}},
    year="2024"
}



altando referência para fontes... faça referência para o artigo que publicamos recentemente. Fonte: Monalessa P. Barcellos, Vítor E. Silva Souza, Patrícia Dockhorn Costa, and Camila Zacché de Aguiar. 2024. Using Extension Projects to Improve Software Engineering Education and Software Quality: The Experience of the “Ricardo de Almeida Falbo” Software Engineering Practices Laboratory. In Proceedings of XXIII Brazilian Symposium on Software Quality . ACM, New York, NY, USA, 11 pages. No Prelo.

% Source: http://www.igi-global.com/reference/details.asp?id=33232
@incollection{souza-et-al:iism08,
 title = {{Designing Web Information Systems for a Framework-based Construction}},
 author = {Souza, V\'{\i}tor E. S. and Falbo, Ricardo A. and Guizzardi, Giancarlo},
 booktitle = {Innovations in Information Systems Modeling: Methods and Best Practices},
 chapter = {11},
 edition = {1},
 editor = {Halpin, Terry and Proper, Eric and Krogstie, John},
 pages = {203--237},
 publisher = {IGI Global},
 year = {2008}
}

% Source: http://link.springer.com/chapter/10.1007/978-3-642-35813-5_6
@incollection{souza-et-al:sesas13,
 title = {{Awareness Requirements}},
 author = {Souza, V\'{\i}tor E. S. and Lapouchnian, Alexei and Robinson, William N. and Mylopoulos, John},
 booktitle = {Software Engineering for Self-Adaptive Systems II},
 editor = {Lemos, Rog\'{e}rio and Giese, Holger and M\"{u}ller, Hausi A. and Shaw, Mary},
 pages = {133--161},
 publisher = {Springer},
 series = {Lecture Notes in Computer Science},
 volume = {7475},
 year = {2013}
}

% Source: http://link.springer.com/10.1007/s00450-012-0232-2
@article{souza-et-al:csrd13,
 title = {{Requirements-driven software evolution}},
 author = {Souza, V\'{\i}tor E. Silva and Lapouchnian, Alexei and Angelopoulos, Konstantinos and Mylopoulos, John},
 journal = {Computer Science - Research and Development},
 number = {4},
 pages = {311--329},
 publisher = {Springer},
 volume = {28},
 year = {2013}
}

% Source: http://dx.doi.org/10.1002/spe.2245
@article{souza-mylopoulos:spe13,
 title = {{Designing an adaptive computer-aided ambulance dispatch system with Zanshin: an experience report}},
 author = {Souza, V\'{\i}tor E. Silva and Mylopoulos, John},
 editor = {Wellings, Andy},
 journal = {Software: Practice and Experience (online first: http://dx.doi.org/10.1002/spe.2245)},
 publisher = {Wiley},
 year = {2013}
}
